@article{Cox2011,
author = {Cox, Colin and Niemi, Sami-matias},
file = {:Users/jpierel/Downloads/cox-hstpsf-2011.pdf:pdf},
number = {May 2009},
title = {{Evaluation of a temperature- based HST Focus Model}},
year = {2011}
}
