@article{Dressel2012,
author = {Dressel, L},
file = {:Users/jpierel/Downloads/WFC3-2012-14.pdf:pdf},
pages = {1--15},
title = {{Breathing , Position Drift , and PSF Variations on the UVIS Detector}},
year = {2012}
}
